<?xml version="1.0" encoding="UTF-8"?><record xmlns="http://www.loc.gov/MARC21/slim" xmlns:cinclude="http://apache.org/cocoon/include/1.0" xmlns:zs="http://www.loc.gov/zing/srw/">
  <leader>00366nz  a2200121n  4500</leader>
  <controlfield tag="001">n  98880151 </controlfield>
  <controlfield tag="003">DLC</controlfield>
  <controlfield tag="005">19980305051827.8</controlfield>
  <controlfield tag="008">980303n| acannaab|           n aaa     c</controlfield>
  <datafield tag="010" ind1=" " ind2=" ">
    <subfield code="a">n  98880151 </subfield>
  </datafield>
  <datafield tag="040" ind1=" " ind2=" ">
    <subfield code="a">UkENL</subfield>
    <subfield code="c">UkENL</subfield>
  </datafield>
  <datafield tag="100" ind1="1" ind2="0">
    <subfield code="a">Barrett, Martin</subfield>
  </datafield>
  <datafield tag="670" ind1=" " ind2=" ">
    <subfield code="a">Globalization and the employment relationship : towards an explanatory framework, 1997:</subfield>
    <subfield code="b">t.p. (Martin Barrett)</subfield>
  </datafield>
</record>